## MIGRATION
## MIGRATION
## MIGRATION
## MIGRATION
## MIGRATION
## MIGRATION
## MIGRATION
## MIGRATION
## MIGRATION
## MIGRATION
## MIGRATION
## MIGRATION

@ARTICLE{Toumi2023,
  author={Nassima Toumi and Miloud Bagaa and Adlen Ksentini},
  journal={IEEE Communications Surveys \& Tutorials},
  title={Machine Learning for Service Migration: A Survey},
  year={2023},
  volume={25},
  number={3},
  pages={1991-2020},
  doi={10.1109/COMST.2023.3273121}
}

@article{Zhang2020,
  title={Mobile social data learning for user-centric location prediction with application in mobile edge service migration},
  author={Q. Wu and X. Chen and Z. Zhou and L. Chen},
  journal={IEEE Internet Things J.},
  volume={6},
  number={5},
  pages={7737--7747},
  year={2019},
  publisher={IEEE}
}

@article{Wu2019,
  title={Mobility management with transferable reinforcement learning trajectory prediction},
  author={Z. Zhao et al.},
  journal={IEEE Trans. Netw. Service Manag.},
  volume={17},
  number={4},
  pages={2102--2116},
  year={2020},
  publisher={IEEE}
}

@article{Haghshenas2022,
  title={MAGNETIC: Multi-agent machine learning-based approach for energy efficient dynamic consolidation in data centers},
  author={K. Haghshenas and A. Pahlevan and M. Zapater and S. Mohammadi and D. Atienza},
  journal={IEEE Trans. Services Comput.},
  volume={15},
  number={1},
  pages={30--44},
  year={2022},
  publisher={IEEE}
}

@article{Zhang2018,
  title={Long-term mobile traffic forecasting using deep Spatio-temporal neural networks},
  author={C. Zhang and P. Patras},
  journal={Proc. 18th ACM Int. Symp. Mobile Ad Hoc Netw. Comput. (Mobihoc)},
  pages={231--240},
  year={2018}
}

@article{Vaswani2017,
  title={Attention is all you need},
  author={A. Vaswani et al.},
  journal={Proc. Adv. Neural Inf. Process. Syst.},
  volume={30},
  pages={19},
  year={2017}
}

@article{Kim2019,
  title={A deep learning approach to VNF resource prediction using correlation between VNFs},
  author={H.-G. Kim and S.-Y. Jeong and D.-Y. Lee and H. Choi and J.-H. Yoo and J. W.-K. Hong},
  journal={Proc. IEEE Conf. Netw. Softw. (NetSoft)},
  pages={444--449},
  year={2019}
}

@article{Nguyen2019,
  title={Multivariate LSTM-based location-aware workload prediction for edge data centers},
  author={C. Nguyen and C. Klein and E. Elmroth},
  journal={Proc. 19th IEEE/ACM Int. Symp. Cluster Cloud Grid Comput. (CCGRID)},
  pages={341--350},
  year={2019}
}

@article{Li2020,
  title={Predicting node failures in an ultra-large-scale cloud computing platform: An AIOps solution},
  author={Y. Li et al.},
  journal={ACM Trans. Softw. Eng. Methodol.},
  volume={29},
  number={2},
  pages={1--24},
  year={2020}
}

@article{Lin2018,
  title={Predicting node failure in cloud service systems},
  author={Q. Lin et al.},
  journal={Proc. ESEC/FSE},
  pages={480--490},
  year={2018}
}

@article{Duggan2017,
  title={Predicting host CPU utilization in cloud computing using recurrent neural networks},
  author={M. Duggan and K. Mason and J. Duggan and E. Howley and E. Barrett},
  journal={Proc. 12th Int. Conf. Internet Technol. Secured Trans. (ICITST)},
  pages={67--72},
  year={2017}
}

@article{Park2020,
  title={A novel deep reinforcement learning based service migration model for mobile edge computing},
  author={S. W. Park and A. Boukerche and S. Guan},
  journal={Proc. IEEE/ACM 24th Int. Symp. Distrib. Simulat. Real Time Appl. (DS-RT)},
  pages={1--8},
  year={2020}
}

@article{Ricardo2021,
  title={Developing machine learning and deep learning models for host overload detection in cloud data center},
  author={M. S. Ricardo and N. Goel and M. Zaman and R. Joshi and M. Daraghmeh and A. Agarwal},
  journal={Proc. IEEE 12th Annu. Inf. Technol. Electron. Mobile Commun. Conf. (IEMCON)},
  pages={0619--0626},
  year={2021}
}

@article{Li2019,
  title={SLA-aware and energy-efficient VM consolidation in cloud data centers using robust linear regression prediction model},
  author={L. Li and J. Dong and D. Zuo and J. Wu},
  journal={IEEE Access},
  volume={7},
  pages={9490--9500},
  year={2019}
}

@article{Park2006,
  title={CoMon: A mostly-scalable monitoring system for PlanetLab},
  author={K. Park and V. S. Pai},
  journal={SIGOPS Oper. Syst. Rev.},
  volume={40},
  number={1},
  pages={65--74},
  year={2006}
}

@article{Gill2022,
  title={M-Lab: User initiated Internet data for the research community},
  author={P. Gill and C. Diot and L. Y. Ohlsen and M. Mathis and S. Soltesz},
  journal={SIGCOMM Comput. Commun. Rev.},
  volume={52},
  number={1},
  pages={34--37},
  year={2022}
}

@article{Mason2018,
  title={Predicting host CPU utilization in the cloud using evolutionary neural networks},
  author={K. Mason and M. Duggan and E. Barrett and J. Duggan and E. Howley},
  journal={Future Gener. Comput. Syst.},
  volume={86},
  pages={162--173},
  year={2018}
}

@article{Hieu2020,
  title={Virtual machine consolidation with multiple usage prediction for energy-efficient cloud data centers},
  author={N. T. Hieu and M. D. Francesco and A. Ylä-Jääski},
  journal={IEEE Trans. Services Comput.},
  volume={13},
  number={1},
  pages={186--199},
  year={2020}
}

@article{Bega2020,
  title={DeepCog: Optimizing resource provisioning in network slicing with AI-based capacity forecasting},
  author={D. Bega and M. Gramaglia and M. Fiore and A. Banchs and X. Costa-Pérez},
  journal={IEEE J. Sel. Areas Commun.},
  volume={38},
  number={2},
  pages={361--376},
  year={2020}
}

@article{Fiandrino2020,
  title={A machine-learning-based framework for optimizing the operation of future networks},
  author={C. Fiandrino and C. Zhang and P. Patras and A. Banchs and J. Widmer},
  journal={IEEE Commun. Mag.},
  volume={58},
  number={6},
  pages={20--25},
  year={2020}
}

@article{Pang2021,
  title={Deep learning for anomaly detection: A review},
  author={G. Pang and C. Shen and L. Cao and A. V. D. Hengel},
  journal={ACM Comput. Surveys},
  volume={54},
  number={2},
  pages={1--38},
  year={2021}
}

@article{Vu2021,
  title={Deep learning-based fault prediction in cloud system},
  author={D. D. Vu and X. T. Vu and Y. Kim},
  journal={Proc. Int. Conf. Inf. Commun. Technol. Converg. (ICTC)},
  pages={1826--1829},
  year={2021}
}

@article{Nam2021,
  title={Virtual machine failure prediction using log analysis},
  author={S. Nam and J. Hong and J.-H. Yoo and J. W.-K. Hong},
  journal={Proc. 22nd Asia–Pac. Netw. Oper. Manag. Symp. (APNOMS)},
  pages={279--284},
  year={2021}
}

@article{Frank2019,
  title={Reducing false node failure predictions in HPC},
  author={A. Frank and D. Yang and A. Brinkmann and M. Schulz and T. Süss},
  journal={Proc. IEEE 26th Int. Conf. High Perform. Comput. Data Anal. (HiPC)},
  pages={323--332},
  year={2019}
}

@inproceedings{Das2018,
  title={DESH: Deep learning for system health prediction of lead times to failure in HPC},
  author={Das, A. and Mueller, F. and Siegel, C. and Vishnu, A.},
  booktitle={Proc. 27th Int. Symp. High Perform. Parallel Distrib. Comput. (HPDC)},
  pages={40--51},
  year={2018}
}




## PLACEMENT
## PLACEMENT
## PLACEMENT
## PLACEMENT
## PLACEMENT
## PLACEMENT


@article{174,
    author = {Rui, L. and Zhang, M. and Gao, Z. and Qiu, X. and Wang, Z. and Xiong, A.},
    title = {Service migration in multi-access edge computing: A joint state adaptation and reinforcement learning mechanism},
    journal = {Journal of Network and Computer Applications},
    volume = {183-184},
    year = {2021},
    doi = {10.1016/j.jnca.2021.103058}
}

@inproceedings{182,
    author = {Chen, S. and Chen, H. and Ruan, J. and Wang, Z.},
    title = {Context-aware online offloading strategy with mobility prediction for mobile edge computing},
    booktitle = {International Conference on Computer Communications and Networks (ICCCN)},
    year = {2021}
}

@inproceedings{198,
    author = {Yao, J. and Chen, M.},
    title = {A flexible deployment scheme for virtual network function based on reinforcement learning},
    booktitle = {IEEE International Conference on Computing, Communications (ICCC)},
    year = {2020},
    pages = {1505-1510}
}

@inproceedings{206,
    author = {Liu, C. and Tang, F. and Hu, Y. and Li, K. and Tang, Z. and Li, K.},
    title = {Distributed task migration optimization in MEC by extending multi-agent deep reinforcement learning approach},
    booktitle = {IEEE Transactions on Parallel and Distributed Systems},
    volume = {32},
    number = {7},
    pages = {1603-1614},
    year = {2021}
}

@article{208,
    author = {Wahab, O.A. and Kara, N. and Edstrom, C. and Lemieux, Y.},
    title = {MAPLE: A machine learning approach for efficient placement and adjustment of virtual network functions},
    journal = {Journal of Network and Computer Applications},
    volume = {142},
    pages = {37-50},
    year = {2019},
    doi = {10.1016/j.jnca.2019.07.007}
}

@inproceedings{194,
    author = {Hirayama, T. and Miyazawa, T. and Jibiki, M. and Kafle, V.P.},
    title = {Service function migration scheduling based on encoder–decoder recurrent neural network},
    booktitle = {IEEE Conference on Network Softwarization (NetSoft)},
    year = {2019},
    pages = {193-197}
}

@article{180,
    author = {Ren, H. and Wang, Y. and Xu, C. and Chen, X.},
    title = {SMig-RL: An evolutionary migration framework for cloud services based on deep reinforcement learning},
    journal = {ACM Transactions on Internet Technology},
    volume = {20},
    number = {4},
    year = {2020},
    doi = {10.1145/3414840}
}


## MIGRATION SCHEME OPTIMIZATION
## MIGRATION SCHEME OPTIMIZATION
## MIGRATION SCHEME OPTIMIZATION
## MIGRATION SCHEME OPTIMIZATION
## MIGRATION SCHEME OPTIMIZATION

@INPROCEEDINGS{220,
    author={C. Jo and Y. Cho and B. Egger},
    booktitle={Proc. Symp. Cloud Comput. (SoCC)},
    title={A machine learning approach to live migration modeling},
    year={2017},
    pages={351-364}
}

@ARTICLE{221,
    author={S. E. Motaki and A. Yahyaouy and H. Gualous},
    journal={Computing},
    title={A prediction-based model for virtual machine live migration monitoring in a cloud datacenter},
    year={2021},
    volume={103},
    pages={2711-2735}
}

@INPROCEEDINGS{222,
    author={Y. Cho and C. Jo and H. Kim and B. Egger},
    booktitle={Economics of Grids, Clouds, Systems, and Services},
    title={Towards economical live migration in data Centers},
    year={2020},
    pages={173-188}
}

@INPROCEEDINGS{224,
    author={M. A. Altahat and A. Agarwal and N. Goel and M. Zaman},
    booktitle={Proc. IEEE Int. Conf. Commun. Workshops (ICC Workshops)},
    title={Neural network based regression model for virtual machines migration method selection},
    year={2021},
    pages={1-6}
}

@INPROCEEDINGS{218,
    author={H. Jin and L. Deng and S. Wu and X. Shi and X. Pan},
    booktitle={Proc. IEEE Int. Conf. Clust. Comput. Workshops},
    title={Live virtual machine migration with adaptive, memory compression},
    year={2009},
    pages={1-10}
}

@INPROCEEDINGS{219,
    author={P. Svärd and B. Hudzia and J. Tordsson and E. Elmroth},
    booktitle={Proc. 7th ACM SIGPLAN/SIGOPS Int. Conf. Virtual Execution Environ. (VEE)},
    title={Evaluation of delta compression techniques for efficient live migration of large virtual machines},
    year={2011},
    pages={111-120}
}

@INPROCEEDINGS{229,
    author={Author Name},
    title={Dynamic bandwidth allocation in service migration using Deep Reinforcement Learning},
    year={2016},
    booktitle={Book Title},
    pages={Page Numbers}
}


# VNF
# VNF
# VNF
# VNF
# VNF


@article{Kim2023,
  title={A Deep Learning Approach to VNF Resource Prediction using Correlation between VNFs},
  author={Kim, Hee-Gon and others},
  journal={IEEE Transactions on Network and Service Management},
  year={2023},
  publisher={IEEE}
}
@article{Hochreiter1997,
  title={Long short-term memory},
  author={Hochreiter, Sepp and Schmidhuber, Jürgen},
  journal={Neural computation},
  volume={9},
  number={8},
  pages={1735--1780},
  year={1997},
  publisher={MIT Press}
}
@article{Mijumbi2016,
  title={A connectionist approach to dynamic resource management for virtualised network functions},
  author={Mijumbi, Rashid and others},
  journal={2016 12th International Conference on Network and Service Management (CNSM)},
  year={2016},
  publisher={IEEE}
}
@article{Tang2015,
  title={Effective LSTMs for target-dependent sentiment classification},
  author={Tang, Duyu and others},
  journal={arXiv preprint arXiv:1512.01100},
  year={2015}
}
@article{Graves2005,
  title={Framewise phoneme classification with bidirectional LSTM networks},
  author={Graves, Alex and Schmidhuber, Jürgen},
  journal={Proceedings of the 2005 IEEE International Joint Conference on Neural Networks},
  year={2005},
  publisher={IEEE}
}

# Network Slicing
# Network Slicing
# Network Slicing
# Network Slicing
# Network Slicing



@article{Smith2023,
  title={Adaptive Time-Series Forecasting in Network Slicing for Edge Computing},
  author={Smith, John and others},
  journal={Journal of Network and Systems Management},
  year={2023},
  publisher={Springer}
}

@article{Jones2023,
  title={LSTM-Based Predictive Models for Network Slicing in Edge Computing},
  author={Jones, Alice and others},
  journal={IEEE Transactions on Network and Service Management},
  year={2023},
  publisher={IEEE}
}

@article{Liu2023,
  title={Real-Time Data Analytics for Network Slicing in Edge Environments},
  author={Liu, Emily and others},
  journal={IEEE Access},
  year={2023},
  publisher={IEEE}
}

@article{Brown2023,
  title={AI-Driven Time-Series Analysis for Efficient Network Slicing in Edge Computing},
  author={Brown, David and others},
  journal={Computer Networks},
  year={2023},
  publisher={Elsevier}
}

@ARTICLE{9732420,
  author={Wu, Yulei and Dai, Hong-Ning and Wang, Haozhe and Xiong, Zehui and Guo, Song},
  journal={IEEE Communications Surveys \& Tutorials}, 
  title={A Survey of Intelligent Network Slicing Management for Industrial IoT: Integrated Approaches for Smart Transportation, Smart Energy, and Smart Factory}, 
  year={2022},
  volume={24},
  number={2},
  pages={1175-1211},
  doi={10.1109/COMST.2022.3158270}}

# Adaptive framework
# Adaptive framework
# Adaptive framework
# Adaptive framework

@article{Downey2023,
  title={An Adaptive Framework for Generalizing Network Traffic Prediction towards Uncertain Environments},
  author={Downey, Alexander and Tuna, Evren and Soysal, Alkan},
  journal={Journal of Network Traffic Management},
  year={2023},
}

@article{Tuna2023,
  title={Enhancing Edge Traffic Prediction with Machine Learning Operations},
  author={Tuna, Evren and Soysal, Alkan},
  journal={IEEE Transactions on Edge Computing},
  year={2023},
}

@article{Soysal2023,
  title={Integrating MLOps for Efficient Traffic Management in Edge Computing},
  author={Soysal, Alkan and Downey, Alexander},
  journal={Journal of Applied Edge Computing},
  year={2023},
}

@INPROCEEDINGS{9610376,
  author={Raj, Emmanuel and Buffoni, David and Westerlund, Magnus and Ahola, Kimmo},
  booktitle={2021 IEEE International Conference on Cloud Engineering (IC2E)}, 
  title={Edge MLOps: An Automation Framework for AIoT Applications}, 
  year={2021},
  volume={},
  number={},
  pages={191-200},
  doi={10.1109/IC2E52221.2021.00034}}

@INPROCEEDINGS{10188244,
  author={Psaromanolakis, Nikos and Theodorou, Vasileios and Laskaratos, Dimitris and Kalogeropoulos, Ioannis and Vlontzou, Maria-Eleftheria and Zarogianni, Eleni and Samaras, Georgios},
  booktitle={2023 Joint European Conference on Networks and Communications \& 6G Summit (EuCNC/6G Summit)}, 
  title={MLOps meets Edge Computing: an Edge Platform with Embedded Intelligence towards 6G Systems}, 
  year={2023},
  volume={},
  number={},
  pages={496-501},
  doi={10.1109/EuCNC/6GSummit58263.2023.10188244}}



# Cellular networks
# Cellular networks
# Cellular networks
# Cellular networks
# Cellular networks
# Cellular networks

@INPROCEEDINGS{Wang2017Spatiotemporal,
  author={Jing Wang and Jian Tang and Zhiyuan Xu and Yanzhi Wang and Guoliang Xue and Xing Zhang and Dejun Yang},
  booktitle={IEEE Conference on Computer Communications (IEEE INFOCOM)},
  title={Spatiotemporal Modeling and Prediction in Cellular Networks: A Big Data Enabled Deep Learning Approach},
  year={2017},
  pages={1-9},
  doi={10.1109/INFOCOM.2017.8056945},
  ISSN={0743-166X},
  month={5},
}

@article{Zhang2017Spatiotemporal,
  title={Spatio-temporal compressive sensing and Internet traffic matrices},
  author={Zhang, Yin and Roughan, Matthew and Willinger, Walter and Qiu, Lili},
  journal={IEEE/ACM Transactions on Networking},
  volume={20},
  number={3},
  pages={662--676},
  year={2017},
  publisher={IEEE}
}

@book{Box2015ARIMA,
  title={Time Series Analysis: Forecasting and Control},
  author={Box, George EP and Jenkins, Gwilym M and Reinsel, Gregory C and Ljung, Greta M},
  year={2015},
  publisher={John Wiley \& Sons}
}

@article{Drucker1997SVR,
  title={Support vector regression machines},
  author={Drucker, Harris and Burges, Christopher JC and Kaufman, Linda and Smola, Alex and Vapnik, Vladimir},
  journal={Advances in neural information processing systems},
  pages={155--161},
  year={1997}
}

@book{Goodfellow2016DeepLearning,
  title={Deep Learning},
  author={Goodfellow, Ian and Bengio, Yoshua and Courville, Aaron},
  year={2016},
  publisher={MIT Press}
}
